<?xml version="1.0" encoding="UTF-8"?><collection><record><leader>09786ntm a2200829 a 4500</leader><controlfield tag="001">006776041</controlfield><controlfield tag="003">MiAaHDL</controlfield><controlfield tag="005">20190719000000.0</controlfield><controlfield tag="006">m        d        </controlfield><controlfield tag="007">cr bn ---auaua</controlfield><controlfield tag="008">090507m156716uuxx            00| ||ara d</controlfield><datafield tag="035" ind1=" " ind2=" "><subfield code="a">(MiU)006776041</subfield></datafield><datafield tag="035" ind1=" " ind2=" "><subfield code="a">sdr-miu006776041</subfield></datafield><datafield tag="040" ind1=" " ind2=" "><subfield code="a">MiU</subfield><subfield code="c">MiU</subfield><subfield code="e">amremm</subfield></datafield><datafield tag="043" ind1=" " ind2=" "><subfield code="a">n-us-mi</subfield></datafield><datafield tag="245" ind1="0" ind2="0"><subfield code="6">880-01</subfield><subfield code="a">[Majmūʻat rasāʼil,</subfield><subfield code="f">974, i.e. 1567 and late 16th or early 17th century?].</subfield></datafield><datafield tag="260" ind1=" " ind2=" "><subfield code="c">[1567 to 16--?].</subfield></datafield><datafield tag="300" ind1=" " ind2=" "><subfield code="a">179 leaves :</subfield><subfield code="b">paper ;</subfield><subfield code="c">208 x 153 (155-175 x 99-109) mm.</subfield></datafield><datafield tag="500" ind1=" " ind2=" "><subfield code="a">Shelfmark: Ann Arbor, University of Michigan, Special Collections Library, Isl. Ms. 157</subfield></datafield><datafield tag="500" ind1=" " ind2=" "><subfield code="a">Origin: A dated excerpt [?] at the close of Sharḥ al-Fiqh al-akbar on p.206 may provide a rough terminous post quem of Jumādá I 1047 [September-October 1637], however this may also be a corrupted reading of the date of composition for the commentary transmitted by the copyist. Paper suggests late 16th or very early 17th century. As appears in colophon on p.340, al-Ḥillī's al-Kāfiyah al-badīʻīyah copied by Asad Allāh ibn Darvīsh ʻArab in the town of Jilb [Julb ? i.e. جلب though طبب is also a possible reading] with transcription finished 12 Ramaḍān 974 [ca. 23 March 1567].</subfield></datafield><datafield tag="500" ind1=" " ind2=" "><subfield code="a">Accompanying materials: In two works of tafsīr, several inserts carrying notes (paginated pp.235-236, pp.239-240, pp.241-242, pp.245-246, pp.249-250, pp.253-254).</subfield></datafield><datafield tag="500" ind1=" " ind2=" "><subfield code="a">Former shelfmark: British Museum, London "No. 105. Tracts on law &amp; religion."</subfield></datafield><datafield tag="500" ind1=" " ind2=" "><subfield code="a">Binding: Pasteboards covered in very dark brown leather with tan leather over spine and foreedge flap ; Type II binding (with flap) ; pastedowns and flyleaves in laid paper ; upper and lower covers carry blind-stamped scalloped mandorla filled with vegetal composition (compare Deroche class. OSd, similar to OSd 1 or OSd 8) ; sewn in light pink thread, two stations ; worked chevron endbands in yellow and pink, headband half-gone, tailband in fair condition ; overall in poor condition with some abrasion, staining, lifting and losses of leather (especially at foreedge flap), delamination of boards, some shrinkage and negative draw in upper cover, etc. ; repairs in red leather.</subfield></datafield><datafield tag="500" ind1=" " ind2=" "><subfield code="a">Support: European laid paper of several types ; opening work supplied on a European paper with 11 laid lines per cm. (vertical), chain lines spaced 20 mm. apart (horizontal), watermark consisting of cross in shield with letters "AMB" below, well-burnished, thin and transluscent ; works of tafsīr and assorted excerpts on a European paper with 7 laid lines per cm. (vertical), chain lines spaced 30 mm. apart (horizontal), crown star (six-pointed) crescent watermark (compare Heawood 1132), thick and burnished ; al-Kāfiyah al-badīʻīyah to end supplied on a European paper with 9 laid lines per cm. (vertical), chain lines spaced roughly 30 mm. apart (horizontal), anchor in circle watermark (six-pointed star above?), very smooth and well-burnished ; minor blocking in some sections due to tacky ink.</subfield></datafield><datafield tag="500" ind1=" " ind2=" "><subfield code="a">Decoration: Some marginalia and abbreviation symbols rubricated in opening work ; headings and keywords in al-Kāfiyah al-badīʻīyah rubricated ; written area of incipit and facing page for Sharḥ al-Fiqh al-akbar surrounded by frame consisting of heavy gold band outlined by black fillets.</subfield></datafield><datafield tag="500" ind1=" " ind2=" "><subfield code="a">Script: Naskh ; several fine hands ; opening hand virtually serifless with effect of tilt to the left, open and closed counters, very slight effect of words descending to baseline (occasionally more exaggerated) ; al-Kāfiyah al-badīʻīyah supplied in an elegant Persianate hand with mainly open counters, tapered, rectilinear descenders, fully vocalized.</subfield></datafield><datafield tag="500" ind1=" " ind2=" "><subfield code="a">Layout: Written in 19, 20, 21 and 33 lines per page ; frame-ruled.</subfield></datafield><datafield tag="500" ind1=" " ind2=" "><subfield code="a">Collation: i, 10 V(100), I (102), 2 V+1(124), V-1 (133), VI (145), V (155), 2 V(175), II (179), i ; chiefly quinions ; appears to be a leaf missing between pp.262-263 ; opening work lacks proper catchwords but last word of final line on the verso of each leaf is usually repeated at the beginning of the first line on the following recto ; catchwords present in most other works and assorted excerpts ; pagination in pencil, Western numerals, supplied during digitization (includes flyleaves and inserts).</subfield></datafield><datafield tag="500" ind1=" " ind2=" "><subfield code="a">Colophon: [al-Qaṣīdah al-Kāfiyah al-badīʻīyah] "Scribal," "rectangular, reads: تمت بحمد الله وعونه وحسن توفيقه غفر الله تعالى لكاتبها وناظمها ولمن قراء فيها ودعا لهما بالتوبة والمغفرة ولساير المسلمين وصلى الله على سيدنا محمد واله وصحبه اجمعين وسلم تسليما كثيرا وكان الفراغ من كتابتها يوم الاحد اثنا عشر شهر رمضان المبارك سنة اربع وسبعين وتسعمايه در بلده جلب [طبب ؟] در محله زاويه كتابت شد كاتب العبد اسد الله بن درويش عرب تم"</subfield></datafield><datafield tag="500" ind1=" " ind2=" "><subfield code="a">Title supplied by cataloguer.</subfield></datafield><datafield tag="500" ind1=" " ind2=" "><subfield code="a">Ms. composite codex.</subfield></datafield><datafield tag="505" ind1="0" ind2=" "><subfield code="a">10. p.341-p.372 : [al-Natāʼij al-ilāhīyah fī sharḥ al-Kāfiyah al-badīʻīyah] / Ṣafī al-Dīn ʻAbd al-ʻAzīz ibn Sarāyā al-Ḥillī.</subfield></datafield><datafield tag="505" ind1="0" ind2=" "><subfield code="a">9. p. 325-p.340 : al-Qaṣīdah al-Kāfiyah al-badīʻīyah fī al-madāʼiḥ al-nabawīyah / Ṣafī al-Dīn ʻAbd al-ʻAzīz ibn Sarāyā al-Ḥillī.</subfield></datafield><datafield tag="505" ind1="0" ind2=" "><subfield code="a">8. p.256-p.324 : [assorted excerpts on various topics (see listing on p.2) from Munyat al-mushtāqīn, Ḥayāt al-qulūb, Munyat al-wāiʻẓīn, etc.] / [Muḥammad Bāqir Majlisī, etc.].</subfield></datafield><datafield tag="505" ind1="0" ind2=" "><subfield code="a">7. p.238-p.255 : [Tafsīr Sūrat al-Mulk] / Kemalpaşazade.</subfield></datafield><datafield tag="505" ind1="0" ind2=" "><subfield code="a">6. p.210-p.237 : [Tafsīr Sūrat Yāsīn] / al-Ḥanafī [?].</subfield></datafield><datafield tag="505" ind1="0" ind2=" "><subfield code="a">5. p.207-p.209 : [mainly blank with a few excerpts].</subfield></datafield><datafield tag="505" ind1="0" ind2=" "><subfield code="a">4. p.4-p.206 : [Sharḥ al-Fiqh al-akbar] / Abū al-Muntahá Aḥmad ibn Muḥammad al-Maghnīsāwī.</subfield></datafield><datafield tag="505" ind1="0" ind2=" "><subfield code="a">3. p.3 : [excerpts].</subfield></datafield><datafield tag="505" ind1="0" ind2=" "><subfield code="a">2. p.2 : [listing of contents].</subfield></datafield><datafield tag="505" ind1="0" ind2=" "><subfield code="a">1. p.1 : [blank].</subfield></datafield><datafield tag="510" ind1="4" ind2=" "><subfield code="a">Brockelmann, C. GAL,</subfield><subfield code="c">I 170 ; S I 285</subfield></datafield><datafield tag="510" ind1="4" ind2=" "><subfield code="a">Brockelmann, C. GAL,</subfield><subfield code="c">II 159 ; S II 199</subfield></datafield><datafield tag="510" ind1="4" ind2=" "><subfield code="a">Brockelmann, C. GAL,</subfield><subfield code="c">II 411 ; S II 572 ; S II 313</subfield></datafield><datafield tag="510" ind1="4" ind2=" "><subfield code="a">Brockelmann, C. GAL,</subfield><subfield code="c">II 449 ; S II 668</subfield></datafield><datafield tag="520" ind1="8" ind2=" "><subfield code="a">Composite collection (majmūʻah / mecmua) of tracts on legal and religious subjects.</subfield></datafield><datafield tag="538" ind1=" " ind2=" "><subfield code="a">Mode of access: Internet.</subfield></datafield><datafield tag="541" ind1=" " ind2=" "><subfield code="c">Purchase ;</subfield><subfield code="a">Acquired by purchase (funds donated by Horace Rackham).</subfield><subfield code="d">1924.</subfield></datafield><datafield tag="546" ind1=" " ind2=" "><subfield code="a">Arabic.</subfield></datafield><datafield tag="561" ind1=" " ind2=" "><subfield code="a">Bookplate of British Museum, London on interior of upper cover, "British Museum, London. No. 105. Tracts on law &amp; religion." ; circular seal impression with figure of goat/gazelle in purple ink as well as inscription "126" in Western numerals on opening leaf (p.1) ; circular waqf-seal impression in black ink also appears on opening leaf (p.1) and several places throughout, reads: "هذا وقف الراجي فيض الصمدي الشيخ احمد ضيا الدين ابن مصطفى الخالدي فمن بدله بعد ما سمعه فانما اثمه على الذين يبدلونه" in name of Aḥmad Ḍiyāʼ al-Dīn ibn Muṣṭafá al-Khālidī (i.e. Ahmed Ziyâüddîn Gümüşhanevî, d. 1893 or 4) ; 'title page' of opening work obscured by pasted-on leaf which covers octagonal seal impression, contents listing, etc. ; occasional marginal glosses, corrections and notabilia (sideheads), many rubricated.</subfield></datafield><datafield tag="600" ind1="1" ind2="0"><subfield code="a">Ḥillī, Ṣafī al-Dīn ʻAbd al-ʻAzīz ibn Sarāyā,</subfield><subfield code="d">1278-</subfield><subfield code="t">Kāfīyah al-badīʻīyah fī al-madāʼiḥ al-Nabawīyah.</subfield></datafield><datafield tag="600" ind1="0" ind2="0"><subfield code="a">Abū Ḥanīfah,</subfield><subfield code="d">-767 or 768.</subfield><subfield code="t">Fiqh al-akbar.</subfield></datafield><datafield tag="630" ind1="0" ind2="0"><subfield code="a">Qurʼan</subfield><subfield code="p">Sūrat al-Mulk</subfield><subfield code="v">Commentaries.</subfield></datafield><datafield tag="630" ind1="0" ind2="0"><subfield code="a">Qurʼan.</subfield><subfield code="p">Sūrat Yāsīn</subfield><subfield code="v">Commentaries.</subfield></datafield><datafield tag="650" ind1=" " ind2="0"><subfield code="a">Manuscripts, Arabic</subfield><subfield code="z">Michigan</subfield><subfield code="z">Ann Arbor.</subfield></datafield><datafield tag="650" ind1=" " ind2="0"><subfield code="a">Arabic language</subfield><subfield code="x">Rhetoric</subfield><subfield code="v">Early works to 1800.</subfield></datafield><datafield tag="650" ind1=" " ind2="0"><subfield code="a">Hanafites</subfield><subfield code="v">Early works to 1800.</subfield></datafield><datafield tag="650" ind1=" " ind2="0"><subfield code="a">Islam</subfield><subfield code="x">Doctrines</subfield><subfield code="v">Early works to 1800.</subfield></datafield><datafield tag="700" ind1="0" ind2=" "><subfield code="6">880-09</subfield><subfield code="a">Asad Allāh ibn Darvīsh ʻArab,</subfield><subfield code="d">fl. 1567,</subfield><subfield code="e">scribe.</subfield></datafield><datafield tag="700" ind1="1" ind2="2"><subfield code="6">880-08</subfield><subfield code="a">Ḥillī, Ṣafī al-Dīn ʻAbd al-ʻAzīz ibn Sarāyā,</subfield><subfield code="d">1278-</subfield><subfield code="t">Natāʼij al-ilāhīyah fī sharḥ al-Kāfiyah al-badīʻīyah.</subfield></datafield><datafield tag="700" ind1="1" ind2="2"><subfield code="6">880-07</subfield><subfield code="a">Ḥillī, Ṣafī al-Dīn ʻAbd al-ʻAzīz ibn Sarāyā,</subfield><subfield code="d">1278-</subfield><subfield code="t">Kāfīyah al-badīʻīyah fī al-madāʼiḥ al-Nabawīyah.</subfield></datafield><datafield tag="700" ind1="1" ind2="2"><subfield code="6">880-06</subfield><subfield code="a">Majlisī, Muḥammad Bāqir ibn Muḥammad Taqī,</subfield><subfield code="d">1627 or 1628-approximately 1699.</subfield><subfield code="t">Ḥayāt al-qulūb.</subfield><subfield code="k">Selections.</subfield></datafield><datafield tag="700" ind1="0" ind2="2"><subfield code="6">880-05</subfield><subfield code="a">Kemalpaşazade,</subfield><subfield code="d">1468 or 1469-1534.</subfield><subfield code="t">Tafsīr Sūrat al-Mulk.</subfield></datafield><datafield tag="700" ind1="1" ind2="2"><subfield code="6">880-04</subfield><subfield code="a">Maghnīsāwī, Aḥmad ibn Muḥammad,</subfield><subfield code="d">-1591 or 1592.</subfield><subfield code="t">Sharḥ al-Fiqh al-akbar.</subfield></datafield><datafield tag="773" ind1="0" ind2=" "><subfield code="a">Tiflis Collection.</subfield></datafield><datafield tag="880" ind1="0" ind2=" "><subfield code="6">700-09/</subfield><subfield code="a">اسد الله بن درويش عرب،</subfield><subfield code="e">ناسخ.</subfield></datafield><datafield tag="880" ind1="1" ind2="2"><subfield code="6">700-08/</subfield><subfield code="a">حلي، صافي الدين عبد العزيز بن سرايا.</subfield><subfield code="t">نتائج الالاهية في شرح الكافية البديعية.</subfield></datafield><datafield tag="880" ind1="1" ind2="2"><subfield code="6">700-07/</subfield><subfield code="a">حلي، صافي الدين عبد العزيز بن سرايا.</subfield><subfield code="t">كافية البديعية في المدائح النبوية.</subfield></datafield><datafield tag="880" ind1="1" ind2="2"><subfield code="6">700-06/</subfield><subfield code="a">مجلسي، محمد باقر بن محمد تقي.</subfield><subfield code="t">حياة القلوب.</subfield><subfield code="k">مختارات.</subfield></datafield><datafield tag="880" ind1="0" ind2="2"><subfield code="6">700-05/</subfield><subfield code="a">ابن كمال باشا، احمد بن سليمان.</subfield><subfield code="t">تفسير سورة الملك.</subfield></datafield><datafield tag="880" ind1="1" ind2="2"><subfield code="6">700-04/</subfield><subfield code="a">مغنيساوي، احمد بن محمد.</subfield><subfield code="t">شرح الفقه الاكبر.</subfield></datafield><datafield tag="880" ind1="0" ind2="0"><subfield code="6">245-01/</subfield><subfield code="a">[مجموعة رسائل,</subfield><subfield code="f">974ه، 1567م واواخر القرن 16م أو اوائل القرن 17م؟].</subfield></datafield><datafield tag="CID" ind1=" " ind2=" "><subfield code="a">006776041</subfield></datafield><datafield tag="DAT" ind1="0" ind2=" "><subfield code="a">20190719102635.0</subfield><subfield code="b">20190719000000.0</subfield></datafield><datafield tag="DAT" ind1="1" ind2=" "><subfield code="a">20190719090653.0</subfield><subfield code="b">2019-07-19T16:11:24Z</subfield></datafield><datafield tag="DAT" ind1="2" ind2=" "><subfield code="a">2015-10-10T18:00:06Z</subfield></datafield><datafield tag="CAT" ind1=" " ind2=" "><subfield code="a">SDR-MIU</subfield><subfield code="d">EX LIBRIS - ALEPH</subfield><subfield code="l">prepare.pl-004-008</subfield></datafield><datafield tag="FMT" ind1=" " ind2=" "><subfield code="a">BK</subfield></datafield><datafield tag="HOL" ind1=" " ind2=" "><subfield code="0">sdr-miu006776041</subfield><subfield code="a">MiU</subfield><subfield code="b">SDR</subfield><subfield code="c">MIU</subfield><subfield code="p">mdp.39015079125848</subfield><subfield code="s">MIU</subfield><subfield code="1">006776041</subfield></datafield><datafield tag="974" ind1=" " ind2=" "><subfield code="b">MIU</subfield><subfield code="c">MIU</subfield><subfield code="d">20190719</subfield><subfield code="s">lit-dlps-dc</subfield><subfield code="u">mdp.39015079125848</subfield><subfield code="y">1699</subfield><subfield code="r">pd</subfield><subfield code="q">bib</subfield><subfield code="t">non-US bib date2, date type m &lt; 1896</subfield></datafield></record></collection>